@article{Loss,
  title={Accelerating deep learning by focusing on the biggest losers},
  author={Jiang, Angela H and Wong, Daniel L-K and Zhou, Giulio and Andersen, David G and Dean, Jeffrey and Ganger, Gregory R and Joshi, Gauri and Kaminksy, Michael and Kozuch, Michael and Lipton, Zachary C and others},
  journal={arXiv preprint arXiv:1910.00762},
  year={2019}
}
@article{Influence,
  title={Estimating training data influence by tracing gradient descent},
  author={Pruthi, Garima and Liu, Frederick and Kale, Satyen and Sundararajan, Mukund},
  journal={Advances in Neural Information Processing Systems},
  volume={33},
  pages={19920--19930},
  year={2020}
}
@inproceedings{Gradient,
  title={Glister: Generalization based data subset selection for efficient and robust learning},
  author={Killamsetty, Krishnateja and Sivasubramanian, Durga and Ramakrishnan, Ganesh and Iyer, Rishabh},
  booktitle={Proceedings of the AAAI Conference on Artificial Intelligence},
  volume={35},
  number={9},
  pages={8110--8118},
  year={2021}
}
@article{paul2021deep,
  title={Deep learning on a data diet: Finding important examples early in training},
  author={Paul, Mansheej and Ganguli, Surya and Dziugaite, Gintare Karolina},
  journal={Advances in neural information processing systems},
  volume={34},
  pages={20596--20607},
  year={2021}
}